<?xml version="1.0" encoding="UTF-8"?><record xmlns="http://www.loc.gov/MARC21/slim" xmlns:cinclude="http://apache.org/cocoon/include/1.0" xmlns:zs="http://www.loc.gov/zing/srw/">
  <leader>00403nz  a2200121n  4500</leader>
  <controlfield tag="001">n 2011029892</controlfield>
  <controlfield tag="003">DLC</controlfield>
  <controlfield tag="005">20110505074952.0</controlfield>
  <controlfield tag="008">110504n| acannaabn          |n aaa      </controlfield>
  <datafield tag="010" ind1=" " ind2=" ">
    <subfield code="a">n 2011029892</subfield>
  </datafield>
  <datafield tag="040" ind1=" " ind2=" ">
    <subfield code="a">DLC</subfield>
    <subfield code="b">eng</subfield>
    <subfield code="c">DLC</subfield>
  </datafield>
  <datafield tag="100" ind1="1" ind2=" ">
    <subfield code="a">Keen, Florence</subfield>
  </datafield>
  <datafield tag="670" ind1=" " ind2=" ">
    <subfield code="a">Library of Congress Manuscript Division for the Florence Deakins Becker papers, 1891-1963</subfield>
    <subfield code="b">(Florence Keen; letters from Philadelphia, Pa., 1920-24)</subfield>
  </datafield>
</record>